@ARTICLE{fermi2016,
   author = {{Fornasa}, M. and {Cuoco}, A. and {Zavala}, J. and {Gaskins}, J.~M. and 
{Sanchez-Conde}, M.~A. and {Gomez-Vargas}, G. and {Komatsu}, E. and
{Linden}, T. and {Prada}, F. and {Zandanel}, F. and {Morselli}, A.
},
title = "{The angular power spectrum of the diffuse gamma-ray emission as measured by the Fermi Large Area Telescope and constraints on its Dark Matter interpretation}",
  journal = {ArXiv e-prints},
archivePrefix = "arXiv",
   eprint = {1608.07289},
 primaryClass = "astro-ph.HE",
 keywords = {Astrophysics - High Energy Astrophysical Phenomena, Astrophysics - Cosmology and Nongalactic Astrophysics, High Energy Physics - Phenomenology},
     year = 2016,
    month = aug,
   adsurl = {http://adsabs.harvard.edu/abs/2016arXiv160807289F},
  adsnote = {Provided by the SAO/NASA Astrophysics Data System}
}
@ARTICLE{holder2013,
   author = {{Holder}, G.~P. and {Viero}, M.~P. and {Zahn}, O. and {Aird}, K.~A. and 
{Benson}, B.~A. and {Bhattacharya}, S. and {Bleem}, L.~E. and
{Bock}, J. and {Brodwin}, M. and {Carlstrom}, J.~E. and {Chang}, C.~L. and
{Cho}, H.-M. and {Conley}, A. and {Crawford}, T.~M. and {Crites}, A.~T. and
{de Haan}, T. and {Dobbs}, M.~A. and {Dudley}, J. and {George}, E.~M. and 
{Halverson}, N.~W. and {Holzapfel}, W.~L. and {Hoover}, S. and 
{Hou}, Z. and {Hrubes}, J.~D. and {Keisler}, R. and {Knox}, L. and 
{Lee}, A.~T. and {Leitch}, E.~M. and {Lueker}, M. and {Luong-Van}, D. and
{Marsden}, G. and {Marrone}, D.~P. and {McMahon}, J.~J. and 
{Mehl}, J. and {Meyer}, S.~S. and {Millea}, M. and {Mohr}, J.~J. and
{Montroy}, T.~E. and {Padin}, S. and {Plagge}, T. and {Pryke}, C. and
{Reichardt}, C.~L. and {Ruhl}, J.~E. and {Sayre}, J.~T. and 
{Schaffer}, K.~K. and {Schulz}, B. and {Shaw}, L. and {Shirokoff}, E. and
{Spieler}, H.~G. and {Staniszewski}, Z. and {Stark}, A.~A. and 
{Story}, K.~T. and {van Engelen}, A. and {Vanderlinde}, K. and
Vieira}, J.~D. and {Williamson}, R. and {Zemcov}, M.},
title = "{A Cosmic Microwave Background Lensing Mass Map and Its Correlation with the Cosmic Infrared Background}",
  journal = {\apjl},
archivePrefix = "arXiv",
   eprint = {1303.5048},
 keywords = {cosmic background radiation, galaxies: structure },
     year = 2013,
    month = jul,
   volume = 771,
      eid = {L16},
    pages = {L16},
      doi = {10.1088/2041-8205/771/1/L16},
   adsurl = {http://adsabs.harvard.edu/abs/2013ApJ...771L..16H},
  adsnote = {Provided by the SAO/NASA Astrophysics Data System}
{Sanchez-Conde}, M.~A. and {Gomez-Vargas}, G. and {Komatsu}, E. and 
}

@ARTICLE{sherwin2015,
   author = {{Sherwin}, B.~D. and {Schmittfull}, M.},
    title = "{Delensing the CMB with the cosmic infrared background}",
  journal = {\prd},
archivePrefix = "arXiv",
   eprint = {1502.05356},
 keywords = {Background radiations, Gravitational lenses and luminous arcs},
     year = 2015,
    month = aug,
   volume = 92,
   number = 4,
      eid = {043005},
    pages = {043005},
      doi = {10.1103/PhysRevD.92.043005},
   adsurl = {http://adsabs.harvard.edu/abs/2015PhRvD..92d3005S},
  adsnote = {Provided by the SAO/NASA Astrophysics Data System}
}

@ARTICLE{larsen2016,
   author = {{Larsen}, P. and {Challinor}, A. and {Sherwin}, B.~D. and {Mak}, D.
},
title = "{Demonstration of cosmic microwave background delensing using the cosmic infrared background}",
  journal = {ArXiv e-prints},
archivePrefix = "arXiv",
   eprint = {1607.05733},
 keywords = {Astrophysics - Cosmology and Nongalactic Astrophysics},
     year = 2016,
    month = jul,
   adsurl = {http://adsabs.harvard.edu/abs/2016arXiv160705733L},
  adsnote = {Provided by the SAO/NASA Astrophysics Data System}
}


@ARTICLE{wang2015,
   author = {{Wang}, L. and {Viero}, M. and {Ross}, N.~P. and {Asboth}, V. and 
{B{\'e}thermin}, M. and {Bock}, J. and {Clements}, D. and {Conley}, A. and
{Cooray}, A. and {Farrah}, D. and {Hajian}, A. and {Han}, J. and
{Lagache}, G. and {Marsden}, G. and {Myers}, A. and {Norberg}, P. and
{Oliver}, S. and {Page}, M. and {Symeonidis}, M. and {Schulz}, B. and 
{Wang}, W. and {Zemcov}, M.},
title = "{Co-evolution of black hole growth and star formation from a cross-correlation analysis between quasars and the cosmic infrared background}",
  journal = {\mnras},
archivePrefix = "arXiv",
   eprint = {1406.7181},
 keywords = {galaxies: evolution, galaxies: haloes, galaxies: high-redshift, quasars: general, submillimetre: galaxies},
     year = 2015,
    month = jun,
   volume = 449,
    pages = {4476-4493},
      doi = {10.1093/mnras/stv559},
   adsurl = {http://adsabs.harvard.edu/abs/2015MNRAS.449.4476W},
  adsnote = {Provided by the SAO/NASA Astrophysics Data System}
}

@ARTICLE{amblard2011,
   author = {{Amblard}, A. and {Cooray}, A. and {Serra}, P. and {Altieri}, B. and 
{Arumugam}, V. and {Aussel}, H. and {Blain}, A. and {Bock}, J. and
{Boselli}, A. and {Buat}, V. and {Castro-Rodr{\'{\i}}guez}, N. and 
{Cava}, A. and {Chanial}, P. and {Chapin}, E. and {Clements}, D.~L. and
{Conley}, A. and {Conversi}, L. and {Dowell}, C.~D. and {Dwek}, E. and 
{Eales}, S. and {Elbaz}, D. and {Farrah}, D. and {Franceschini}, A. and 
{Gear}, W. and {Glenn}, J. and {Griffin}, M. and {Halpern}, M. and 
{Hatziminaoglou}, E. and {Ibar}, E. and {Isaak}, K. and {Ivison}, R.~J. and 
{Khostovan}, A.~A. and {Lagache}, G. and {Levenson}, L. and 
{Lu}, N. and {Madden}, S. and {Maffei}, B. and {Mainetti}, G. and
{Marchetti}, L. and {Marsden}, G. and {Mitchell-Wynne}, K. and 
{Nguyen}, H.~T. and {O'Halloran}, B. and {Oliver}, S.~J. and 
{Omont}, A. and {Page}, M.~J. and {Panuzzo}, P. and {Papageorgiou}, A. and
{Pearson}, C.~P. and {P{\'e}rez-Fournon}, I. and {Pohlen}, M. and 
{Rangwala}, N. and {Roseboom}, I.~G. and {Rowan-Robinson}, M. and
{Portal}, M.~S. and {Schulz}, B. and {Scott}, D. and {Seymour}, N. and
{Shupe}, D.~L. and {Smith}, A.~J. and {Stevens}, J.~A. and {Symeonidis}, M. and 
{Trichas}, M. and {Tugwell}, K. and {Vaccari}, M. and {Valiante}, E. and 
{Valtchanov}, I. and {Vieira}, J.~D. and {Vigroux}, L. and {Wang}, L. and 
{Ward}, R. and {Wright}, G. and {Xu}, C.~K. and {Zemcov}, M.
},
    title = "{Submillimetre galaxies reside in dark matter haloes with masses greater than 3{$\times$}10$^{11}$ solar masses}",
  journal = {\nat},
archivePrefix = "arXiv",
   eprint = {1101.1080},
     year = 2011,
    month = feb,
   volume = 470,
    pages = {510-512},
      doi = {10.1038/nature09771},
   adsurl = {http://adsabs.harvard.edu/abs/2011Natur.470..510A},
  adsnote = {Provided by the SAO/NASA Astrophysics Data System}
}

@ARTICLE{madau2014,
   author = {{Madau}, P. and {Dickinson}, M.},
    title = "{Cosmic Star-Formation History}",
  journal = {\araa},
archivePrefix = "arXiv",
   eprint = {1403.0007},
     year = 2014,
    month = aug,
   volume = 52,
    pages = {415-486},
      doi = {10.1146/annurev-astro-081811-125615},
   adsurl = {http://adsabs.harvard.edu/abs/2014ARA%26A..52..415M},
  adsnote = {Provided by the SAO/NASA Astrophysics Data System}
}


@ARTICLE{bethermin2010,
   author = {{B{\'e}thermin}, M. and {Dole}, H. and {Cousin}, M. and {Bavouzet}, N.},
title = "{Submillimeter number counts at 250 {$\mu$}m, 350 {$\mu$}m and 500 {$\mu$}m in BLAST data}",
  journal = {\aap},
archivePrefix = "arXiv",
   eprint = {1003.0833},
 primaryClass = "astro-ph.CO",
 keywords = {cosmology: observations, galaxies: statistics, galaxies: evolution, galaxies: photometry, infrared: galaxies},
     year = 2010,
    month = jun,
   volume = 516,
      eid = {A43},
    pages = {A43},
      doi = {10.1051/0004-6361/200913910},
   adsurl = {http://adsabs.harvard.edu/abs/2010A%26A...516A..43B},
  adsnote = {Provided by the SAO/NASA Astrophysics Data System}
}

@ARTICLE{dole2006,
   author = {{Dole}, H. and {Lagache}, G. and {Puget}, J.-L. and {Caputi}, K.~I. and 
{Fern{\'a}ndez-Conde}, N. and {Le Floc'h}, E. and {Papovich}, C. and
{P{\'e}rez-Gonz{\'a}lez}, P.~G. and {Rieke}, G.~H. and {Blaylock}, M.
},
title = "{The cosmic infrared background resolved by Spitzer. Contributions of mid-infrared galaxies to the far-infrared background}",
  journal = {\aap},
   eprint = {astro-ph/0603208},
     year = 2006,
    month = may,
   volume = 451,
    pages = {417-429},
      doi = {10.1051/0004-6361:20054446},
   adsurl = {http://adsabs.harvard.edu/abs/2006A%26A...451..417D},
  adsnote = {Provided by the SAO/NASA Astrophysics Data System}
}

@ARTICLE{knox2001,
   author = {{Knox}, L. and {Cooray}, A. and {Eisenstein}, D. and {Haiman}, Z.
},
title = "{Probing Early Structure Formation with Far-Infrared Background Correlations}",
  journal = {\apj},
   eprint = {astro-ph/0009151},
 keywords = {Cosmology: Cosmic Microwave Background, Cosmology: Observations, Cosmology: Theory, Cosmology: Diffuse Radiation, Galaxies: Evolution, Galaxies: Formation},
     year = 2001,
    month = mar,
   volume = 550,
    pages = {7-20},
      doi = {10.1086/319732},
   adsurl = {http://adsabs.harvard.edu/abs/2001ApJ...550....7K},
  adsnote = {Provided by the SAO/NASA Astrophysics Data System}
}
@ARTICLE{cooray2002,
   author = {{Cooray}, A. and {Sheth}, R.},
    title = "{Halo models of large scale structure}",
  journal = {\physrep},
   eprint = {astro-ph/0206508},
     year = 2002,
    month = dec,
   volume = 372,
    pages = {1-129},
      doi = {10.1016/S0370-1573(02)00276-4},
   adsurl = {http://adsabs.harvard.edu/abs/2002PhR...372....1C},
  adsnote = {Provided by the SAO/NASA Astrophysics Data System}
}

@ARTICLE{shang2012,
   author = {{Shang}, C. and {Haiman}, Z. and {Knox}, L. and {Oh}, S.~P.},
    title = "{Improved models for cosmic infrared background anisotropies: new constraints on the infrared galaxy population}",
  journal = {\mnras},
archivePrefix = "arXiv",
   eprint = {1109.1522},
 keywords = {galaxies: haloes, galaxies: star formation, submillimetre: diffuse background, submillimetre: galaxies},
     year = 2012,
    month = apr,
   volume = 421,
    pages = {2832-2845},
      doi = {10.1111/j.1365-2966.2012.20510.x},
   adsurl = {http://adsabs.harvard.edu/abs/2012MNRAS.421.2832S},
  adsnote = {Provided by the SAO/NASA Astrophysics Data System}
}

@ARTICLE{viero2013a,
author = {{Viero}, M.~P. and {Wang}, L. and {Zemcov}, M. and {Addison}, G. and
{Amblard}, A. and {Arumugam}, V. and {Aussel}, H. and {B{\'e}thermin}, M. and
{Bock}, J. and {Boselli}, A. and {Buat}, V. and {Burgarella}, D. and
{Casey}, C.~M. and {Clements}, D.~L. and {Conley}, A. and {Conversi}, L. and
{Cooray}, A. and {De Zotti}, G. and {Dowell}, C.~D. and {Farrah}, D. and
{Franceschini}, A. and {Glenn}, J. and {Griffin}, M. and {Hatziminaoglou}, E. and
{Heinis}, S. and {Ibar}, E. and {Ivison}, R.~J. and {Lagache}, G. and
{Levenson}, L. and {Marchetti}, L. and {Marsden}, G. and {Nguyen}, H.~T. and
{O'Halloran}, B. and {Oliver}, S.~J. and {Omont}, A. and {Page}, M.~J. and
{Papageorgiou}, A. and {Pearson}, C.~P. and {P{\'e}rez-Fournon}, I. and
{Pohlen}, M. and {Rigopoulou}, D. and {Roseboom}, I.~G. and
{Rowan-Robinson}, M. and {Schulz}, B. and {Scott}, D. and {Seymour}, N. and
{Shupe}, D.~L. and {Smith}, A.~J. and {Symeonidis}, M. and {Vaccari}, M. and
{Valtchanov}, I. and {Vieira}, J.~D. and {Wardlow}, J. and {Xu}, C.~K.
},
    title = "{HerMES: Cosmic Infrared Background Anisotropies and the Clustering of Dusty Star-forming Galaxies}",
  journal = {\apj},
archivePrefix = "arXiv",
   eprint = {1208.5049},
 keywords = {galaxies: formation, galaxies: halos, large-scale structure of universe},
     year = 2013,
    month = jul,
   volume = 772,
      eid = {77},
    pages = {77},
      doi = {10.1088/0004-637X/772/1/77},
   adsurl = {http://adsabs.harvard.edu/abs/2013ApJ...772...77V},
  adsnote = {Provided by the SAO/NASA Astrophysics Data System}
}

@ARTICLE{serra2014,
   author = {{Serra}, P. and {Lagache}, G. and {Dor{\'e}}, O. and {Pullen}, A. and 
{White}, M.},
title = "{Cross-correlation of cosmic far-infrared background anisotropies with large scale structures}",
  journal = {\aap},
archivePrefix = "arXiv",
   eprint = {1404.1933},
 keywords = {cosmic background radiation, infrared: diffuse background, galaxies: evolution, large-scale structure of Universe, galaxies: statistics},
     year = 2014,
    month = oct,
   volume = 570,
      eid = {A98},
    pages = {A98},
      doi = {10.1051/0004-6361/201423958},
   adsurl = {http://adsabs.harvard.edu/abs/2014A%26A...570A..98S},
  adsnote = {Provided by the SAO/NASA Astrophysics Data System}
}

@ARTICLE{cooray2016,
   author = {{Feng}, C. and {Cooray}, A. and {Keating}, B.},
    title = "{Planck Lensing and Cosmic Infrared Background Cross-Correlation with Fermi-LAT: Tracing Dark Matter Signals in the $\gamma$-ray Background}",
  journal = {ArXiv e-prints},
archivePrefix = "arXiv",
   eprint = {1608.04351},
 keywords = {Astrophysics - Cosmology and Nongalactic Astrophysics},
     year = 2016,
    month = aug,
   adsurl = {http://adsabs.harvard.edu/abs/2016arXiv160804351F},
  adsnote = {Provided by the SAO/NASA Astrophysics Data System}
}




@ARTICLE{planck2016like,
   author = {{Planck Collaboration} and {Aghanim}, N. and {Arnaud}, M. and
{Ashdown}, M. and {Aumont}, J. and {Baccigalupi}, C. and {Banday}, A.~J. and 
{Barreiro}, R.~B. and {Bartlett}, J.~G. and {Bartolo}, N. and et al.},
title = "{Planck 2015 results. XI. CMB power spectra, likelihoods, and robustness of parameters}",
  journal = {\aap},
archivePrefix = "arXiv",
   eprint = {1507.02704},
 keywords = {cosmic background radiation, cosmological parameters, cosmology: observations, methods: data analysis, methods: statistical},
     year = 2016,
    month = sep,
   volume = 594,
      eid = {A11},
    pages = {A11},
      doi = {10.1051/0004-6361/201526926},
   adsurl = {http://adsabs.harvard.edu/abs/2016A%26A...594A..11P},
  adsnote = {Provided by the SAO/NASA Astrophysics Data System}
}

@ARTICLE{planckXVIII,
   author = {{Planck Collaboration} and {Ade}, P.~A.~R. and {Aghanim}, N. and
{Armitage-Caplan}, C. and {Arnaud}, M. and {Ashdown}, M. and
{Atrio-Barandela}, F. and {Aumont}, J. and {Baccigalupi}, C. and
{Banday}, A.~J. and et al.},
title = "{Planck 2013 results. XVIII. The gravitational lensing-infrared background correlation}",
  journal = {\aap},
archivePrefix = "arXiv",
   eprint = {1303.5078},
 keywords = {gravitational lensing: weak, cosmic background radiation, large-scale, structure of Universe, dark matter, galaxies: star formation},
     year = 2014,
    month = nov,
   volume = 571,
      eid = {A18},
    pages = {A18},
      doi = {10.1051/0004-6361/201321540},
   adsurl = {http://adsabs.harvard.edu/abs/2014A%26A...571A..18P},                                                
  adsnote = {Provided by the SAO/NASA Astrophysics Data System}
}


%@ARTICLE{planckXXX,
%   author = {{Planck Collaboration} and {Ade}, P.~A.~R. and {Aghanim}, N. and
%{Armitage-Caplan}, C. and {Arnaud}, M. and {Ashdown}, M. and
%{Atrio-Barandela}, F. and {Aumont}, J. and {Baccigalupi}, C. and
%{Banday}, A.~J. and et al.},
%title = "{Planck 2013 results. XXX. Cosmic infrared background measurements and implications for star formation}",
%  journal = {\aap},
%archivePrefix = "arXiv",
%   eprint = {1309.0382},
% keywords = {cosmology: observations, large-scale structure of Universe, galaxies: star formation, infrared: diffuse background},
%     year = 2014,
%    month = nov,
%   volume = 571,
%      eid = {A30},
%    pages = {A30},
%      doi = {10.1051/0004-6361/201322093},
%   adsurl = {http://adsabs.harvard.edu/abs/2014A%26A...571A..30P},             
%  adsnote = {Provided by the SAO/NASA Astrophysics Data System}
%}

@ARTICLE{mak2016,
   author = {{Mak}, D.~S.~Y. and {Challinor}, A. and {Efstathiou}, G. and 
{Lagache}, G.},
title = "{Measurement of CIB power spectra over large sky areas from Planck HFI maps}",
  journal = {ArXiv e-prints},
archivePrefix = "arXiv",
   eprint = {1609.08942},
 keywords = {Astrophysics - Cosmology and Nongalactic Astrophysics, Astrophysics - Astrophysics of Galaxies},
     year = 2016,
    month = sep,
   adsurl = {http://adsabs.harvard.edu/abs/2016arXiv160908942M},
  adsnote = {Provided by the SAO/NASA Astrophysics Data System}
}